<record><leader>00000cas a22000007a 4500</leader><controlfield tag="001">12191789</controlfield><controlfield tag="008">850624d17921792nyucr ne      0    0eng d</controlfield><datafield ind1=" " ind2=" " tag="010"><subfield code="a">sn 85026362 </subfield></datafield><datafield ind1=" " ind2=" " tag="040"><subfield code="a">NPX</subfield><subfield code="b">eng</subfield><subfield code="c">NPX</subfield><subfield code="d">MGN</subfield><subfield code="d">OCLCQ</subfield><subfield code="d">OCLCG</subfield><subfield code="d">OCLCQ</subfield><subfield code="d">OCLCA</subfield></datafield><datafield ind1=" " ind2=" " tag="042"><subfield code="a">msc</subfield></datafield><datafield ind1="0" ind2=" " tag="130"><subfield code="a">New-York morning post (New York, N.Y. : 1792)</subfield></datafield><datafield ind1="1" ind2="4" tag="245"><subfield code="a">The New-York morning post.</subfield></datafield><datafield ind1=" " ind2=" " tag="260"><subfield code="a">New-York [N.Y.] :</subfield><subfield code="b">William Morton,</subfield><subfield code="c">-1792.</subfield></datafield><datafield ind1=" " ind2=" " tag="300"><subfield code="a">v.</subfield></datafield><datafield ind1=" " ind2=" " tag="310"><subfield code="a">Semiweekly</subfield></datafield><datafield ind1="1" ind2=" " tag="362"><subfield code="a">Began in Jan. 1792.</subfield></datafield><datafield ind1="0" ind2=" " tag="362"><subfield code="a">-no. 2300 (June 12, 1792).</subfield></datafield><datafield ind1=" " ind2=" " tag="588"><subfield code="a">Description based on: No. 2258 (Jan. 13, 1792).</subfield></datafield><datafield ind1="1" ind2=" " tag="700"><subfield code="a">Morton, William,</subfield><subfield code="d">-1796?</subfield></datafield><datafield ind1=" " ind2=" " tag="752"><subfield code="a">United States</subfield><subfield code="b">New York</subfield><subfield code="c">New York</subfield><subfield code="d">New York.</subfield></datafield><datafield ind1="0" ind2="0" tag="780"><subfield code="t">Morning post, and daily advertiser (New York, N.Y. : 1788)</subfield><subfield code="w">(DLC)sn 83030522</subfield></datafield></record>